%% This BibTeX bibliography file was created using BibDesk.
%% http://bibdesk.sourceforge.net/

%% Created for Luis Meira at 2016-04-16 18:45:38 -0300 


%% Saved with string encoding Unicode (UTF-8) 

@article{cohen2012acessibilidade,
  title={Acessibilidade a Museus},
  author={Cohen, Regina and Duarte, Cristiane and Brasileiro, Alice},
  journal={Cadernos Museol{\'o}gicos},
  volume={2},
  pages={190},
  year={2012}
},

@misc{estimote,
   author = "Estimote",
   title = "Developer Docs",
   howpublished = "Disponível em:  \url{http://developer.estimote.com/}",
   year = "2014",
   note = "Acesso em: 25 de Abr. 2016"
},

@misc{talkback,
   author = "Jerry Hildenbrand",
   title = "What is Google TalkBack?",
   howpublished = "Disponível em:  \url{http://www.androidcentral.com/what-google-talk-back}",
   year = "2014",
   note = "Acesso em: 30 de Abr. 2016"
},

@misc{gestos,
   author = "Google",
   title = "Usar os gestos do TalkBack",
   howpublished = "Disponível em:  \url{https://support.google.com/accessibility/android/answer/6151827?hl=pt-BR}",
   year = "2016",
   note = "Acesso em: 30 de Abr. 2016"
},

@misc{etiquetas,
   author = "Google",
   title = "Etiquetas de conteúdo",
   howpublished = "Disponível em:  \url{https://support.google.com/accessibility/android/answer/7158690?hl=pt}",
   year = "2016",
   note = "Acesso em: 30 de Abr. 2016"
},

@misc{kantar,
   author = "Kantar",
   title = "Smartphone OS sales market share",
   howpublished = "Disponível em:  \url{http://www.kantarworldpanel.com/global/smartphone-os-market-share/}",
   year = "2016",
   note = "Acesso em: 5 de Out. 2016"
},

@misc{androidstudio,
   author = "Android Studio",
   title = "Conheça o Android Studio",
   howpublished = "Disponível em:  \url{https://developer.android.com/studio/intro/index.html}",
   year = "2016",
   note = "Acesso em: 10 de Out. 2016"
},

@misc{alecrim,
   author = "Emerson Alecrim",
   title = "Tecnologia Bluetooth: o que é e como funciona?",
   howpublished = "Disponível em:  \url{http://www.infowester.com/bluetooth.php}",
   year = "2013",
   note = "Acesso em: 20 de Out. 2016"
},

@misc{bluetooth,
   author = "Bluetooth SIG",
   title = "What is Bluetooth technology?",
   howpublished = "Disponível em:  \url{https://www.bluetooth.com/what-is-bluetooth-technology/bluetooth-technology-basics/low-energy}",
   year = "2016",
   note = "Acesso em: 20 de Out. 2016"
},

@misc{html,
   author = "David William",
   title = "A História Do HTML",
   howpublished = "Disponível em:  \url{http://www.frontendbrasil.com.br/artigos/a-historia-do-html}",
   year = "2016",
   note = "Acesso em: 21 de Out. 2016"
},

@misc{css,
   author = "Yuri Pacievitch",
   title = "Cascading Style Sheets (CSS)",
   howpublished = "Disponível em:  \url{http://www.infoescola.com/informatica/cascading-style-sheets-css}",
   year = "2016",
   note = "Acesso em: 21 de Out. 2016"
},

@misc{java,
   author = "Rafael Guimarães Sakurai",
   title = "Java - Origem e evolução da linguagem Java",
   howpublished = "Disponível em:  \url{http://www.universidadejava.com.br/materiais/origem-evolucao-java}",
   year = "2011",
   note = "Acesso em: 21 de Out. 2016"
},

@misc{spring,
   author = "José Alexandre",
   title = "Todo poderoso Spring - Revista Java Magazine 100 - Parte 2",
   howpublished = "Disponível em:  \url{http://www.devmedia.com.br/todo-poderoso-spring-revista-java-magazine-100-parte-2/23539}",
   year = "2016",
   note = "Acesso em: 21 de Out. 2016"
},

@misc{hibernate,
   author = "
Elifranio Alves Cruz",
   title = "Hibernate conceitos",
   howpublished = "Disponível em:  \url{http://pt.slideshare.net/elifranio/hibernate-conceitos}",
   year = "2010",
   note = "Acesso em: 21 de Out. 2016"
},

@misc{volley,
   author = "Felipe Nipo",
   title = "HTTP em Android com Volley",
   howpublished = "Disponível em:  \url{https://felipenipo.wordpress.com/2014/10/17/http-em-android-com-volley}",
   year = "2014",
   note = "Acesso em: 21 de Out. 2016"
},

@misc{mysql,
   author = "Portal Educacao",
   title = "História do MySQL",
   howpublished = "Disponível em:  \url{https://www.portaleducacao.com.br/informatica/artigos/66679/historia-do-mysql}",
   year = "2015",
   note = "Acesso em: 21 de Out. 2016"
},

@misc{bootstrap,
   author = "Benjamin Utterback",
   title = "O que é o Bootstrap? – Verdades e mitos: Parte 1 de 2",
   howpublished = "Disponível em:  \url{https://www.prestashop.com/blog/pt/2014/03/06/o-que-e-o-bootstrap-verdades-e-mitos-parte-1-de-2}",
   year = "2014",
   note = "Acesso em: 21 de Out. 2016"
},

@article{torres2002acessibilidade,
  title={A acessibilidade {\`a} informa{\c{c}}{\~a}o no espa{\c{c}}o digital},
  author={Torres, Elisabeth F{\'a}tima and Mazzoni, Alberto Angel and Alves, JB da M},
  journal={Ci{\^e}ncia da Informa{\c{c}}{\~a}o, Bras{\'\i}lia},
  volume={31},
  number={3},
  pages={83--91},
  year={2002},
  publisher={SciELO Brasil}
},

@article{brumer2004,
  title={Saindo da “escurid{\~a}o”: perspectivas da inclus{\~a}o social, econ{\^o}mica, cultural e pol{\'\i}tica dos portadores de defici{\^e}ncia visual em Porto Alegre},
  author={Brumer, Anita and Pavei, Katiuci and Mocelin, Daniel Gustavo and others},
  journal={Sociologias},
  volume={6},
  number={11},
  pages={300--327},
  year={2004},
  publisher={SciELO Brasil}
},

@article{sonza2003ambientes,
  title={Ambientes digitais virtuais: acessibilidade aos deficientes visuais},
  author={Sonza, Andr{\'e}a Polletto and Santarosa, Lucila Maria Costi},
  journal={RENOTE},
  volume={1},
  number={1},
  year={2003}
}